@inproceedings{cook2007pulling,
  title={Pulling their weight: Exploiting syntactic forms for the automatic identification of idiomatic expressions in context},
  author={Cook, Paul and Fazly, Afsaneh and Stevenson, Suzanne},
  booktitle={Proceedings of the workshop on a broader perspective on multiword expressions},
  pages={41--48},
  year={2007},
  organization={Association for Computational Linguistics}
}

@article{fazly2009unsupervised,
  title={Unsupervised type and token identification of idiomatic expressions},
  author={Fazly, Afsaneh and Cook, Paul and Stevenson, Suzanne},
  journal={Computational Linguistics},
  volume={35},
  number={1},
  pages={61--103},
  year={2009},
  publisher={MIT Press}
}

@article{cook2008vnc,
  title={The VNC-tokens dataset},
  author={Cook, Paul and Fazly, Afsaneh and Stevenson, Suzanne},
  journal={Proc. of MWE},
  pages={19--22},
  year={2008}
}

@article{trask2015modeling,
  title={Modeling order in neural word embeddings at scale},
  author={Trask, Andrew and Gilmore, David and Russell, Matthew},
  journal={Journal of Machine Learning Research},
  year={2015},
  volume={37}                  
}

@inproceedings{fritzinger2010survey,
  title={A Survey of Idiomatic Preposition-Noun-Verb Triples on Token Level.},
  author={Fritzinger, Fabienne and Weller, Marion and Heid, Ulrich},
  booktitle={LREC},
  year={2010}
}

@article{pedregosa2011scikit,
  title={Scikit-learn: Machine learning in Python},
  author={Pedregosa, Fabian and Varoquaux, Ga{\"e}l and Gramfort, Alexandre and Michel, Vincent and Thirion, Bertrand and Grisel, Olivier and Blondel, Mathieu and Prettenhofer, Peter and Weiss, Ron and Dubourg, Vincent and others},
  journal={The Journal of Machine Learning Research},
  volume={12},
  pages={2825--2830},
  year={2011},
  publisher={JMLR. org}
}

@inproceedings{koehn2005europarl,
  title={Europarl: A parallel corpus for statistical machine translation},
  author={Koehn, Philipp},
  booktitle={MT summit},
  volume={5},
  pages={79--86},
  year={2005}
}

@book{jackendoff1997architecture,
  title={The architecture of the language faculty},
  author={Jackendoff, Ray},
  number={28},
  year={1997},
  publisher={MIT Press}
}

@inproceedings{mikolov2013distributed,
  title={Distributed representations of words and phrases and their compositionality},
  author={Mikolov, Tomas and Sutskever, Ilya and Chen, Kai and Corrado, Greg S and Dean, Jeff},
  booktitle={Advances in neural information processing systems},
  pages={3111--3119},
  year={2013}
}

@inproceedings{pennington2014glove,
  title={Glove: Global Vectors for Word Representation.},
  author={Pennington, Jeffrey and Socher, Richard and Manning, Christopher D},
  booktitle={EMNLP},
  volume={14},
  pages={1532--1543},
  year={2014}
}

@inproceedings{li2010using,
  title={Using gaussian mixture models to detect figurative language in context},
  author={Li, Linlin and Sporleder, Caroline},
  booktitle={Human Language Technologies: The 2010 Annual Conference of the North American Chapter of the Association for Computational Linguistics},
  pages={297--300},
  year={2010},
  organization={Association for Computational Linguistics}
}

@inproceedings{li2010topic,
  title={Topic models for word sense disambiguation and token-based idiom detection},
  author={Li, Linlin and Roth, Benjamin and Sporleder, Caroline},
  booktitle={Proceedings of the 48th Annual Meeting of the Association for Computational Linguistics},
  pages={1138--1147},
  year={2010},
  organization={Association for Computational Linguistics}
}

@inproceedings{fothergill2012combining,
  title={Combining resources for MWE-token classification},
  author={Fothergill, Richard and Baldwin, Timothy},
  booktitle={Proceedings of the First Joint Conference on Lexical and Computational Semantics-Volume 1: Proceedings of the main conference and the shared task, and Volume 2: Proceedings of the Sixth International Workshop on Semantic Evaluation},
  pages={100--104},
  year={2012},
  organization={Association for Computational Linguistics}
}

@inproceedings{birke2006clustering,
  title={A Clustering Approach for Nearly Unsupervised Recognition of Nonliteral Language.},
  author={Birke, Julia and Sarkar, Anoop},
  booktitle={EACL},
  year={2006}
}

                  
@InProceedings{ling2015not,
  author    = {Ling, Wang  and  Tsvetkov, Yulia  and  Amir, Silvio  and  Fermandez, Ramon  and  Dyer, Chris  and  Black, Alan W  and  Trancoso, Isabel  and  Lin, Chu-Cheng},
  title     = {Not All Contexts Are Created Equal: Better Word Representations with Variable Attention},
  booktitle = {Proceedings of the 2015 Conference on Empirical Methods in Natural Language Processing},
  year      = {2015},
  address   = {Lisbon, Portugal},
  pages     = {1367--1372},
}


@article{mikolov2013exploiting,
  title={Exploiting similarities among languages for machine translation},
  author={Mikolov, Tomas and Le, Quoc V and Sutskever, Ilya},
  journal   = {CoRR},
  year={2013}
}

@inproceedings{dong2015question,
  title={Question answering over freebase with multi-column convolutional neural networks},
  author={Dong, Li and Wei, Furu and Zhou, Ming and Xu, Ke},
  booktitle={Proceedings of the 53rd Annual Meeting of the Association for Computational Linguistics and the 7th International Joint Conference on Natural Language Processing},
  volume={1},
  pages={260--269},
  year={2015}
}
