@inproceedings{brants2007large,
  title={Large language models in machine translation},
  author={Brants, Thorsten and Popat, Ashok C and Xu, Peng and Och, Franz J and Dean, Jeffrey},
  booktitle={Proceedings of the 2007 Joint Conference on Empirical Methods in Natural Language Processing and Computational Natural Language Learning (EMNLP-CoNLL)},
  year={2007}
}
@inproceedings{dos2017stock,
  title={Stock Market Prediction with Deep Learning: A Character-based Neural Language Model for Event-based Trading},
  author={dos Santos Pinheiro, Leonardo and Dras, Mark},
  booktitle={Proceedings of the Australasian Language Technology Association Workshop 2017},
  pages={6--15},
  year={2017}
}
@inproceedings{santos2014learning,
  title={Learning character-level representations for part-of-speech tagging},
  author={Santos, Cicero D and Zadrozny, Bianca},
  booktitle={Proceedings of the 31st International Conference on Machine Learning (ICML-14)},
  pages={1818--1826},
  year={2014}
}
@inproceedings{peng2003language,
  title={Language independent authorship attribution using character level language models},
  author={Peng, Fuchun and Schuurmans, Dale and Wang, Shaojun and Keselj, Vlado},
  booktitle={Proceedings of the tenth conference on European chapter of the Association for Computational Linguistics-Volume 1},
  pages={267--274},
  year={2003},
  organization={Association for Computational Linguistics}
}
@article{devlin2015language,
  title={Language models for image captioning: The quirks and what works},
  author={Devlin, Jacob and Cheng, Hao and Fang, Hao and Gupta, Saurabh and Deng, Li and He, Xiaodong and Zweig, Geoffrey and Mitchell, Margaret},
  journal={arXiv preprint arXiv:1505.01809},
  year={2015}
}
@inproceedings{chen2006reranking,
  title={Reranking answers for definitional QA using language modeling},
  author={Chen, Yi and Zhou, Ming and Wang, Shilong},
  booktitle={Proceedings of the 21st International Conference on Computational Linguistics and the 44th annual meeting of the Association for Computational Linguistics},
  pages={1081--1088},
  year={2006},
  organization={Association for Computational Linguistics}
}
@inproceedings{collins2005discriminative,
  title={Discriminative syntactic language modeling for speech recognition},
  author={Collins, Michael and Roark, Brian and Saraclar, Murat},
  booktitle={Proceedings of the 43rd Annual Meeting on Association for Computational Linguistics},
  pages={507--514},
  year={2005},
  organization={Association for Computational Linguistics}
}
@inproceedings{susanto2016learning,
  title={Learning to Capitalize with Character-Level Recurrent Neural Networks: An Empirical Study},
  author={Susanto, Raymond Hendy and Chieu, Hai Leong and Lu, Wei},
  booktitle={Proceedings of the 2016 Conference on Empirical Methods in Natural Language Processing},
  pages={2090--2095},
  year={2016}
}
@article{cho2014learning,
  title={Learning phrase representations using RNN encoder-decoder for statistical machine translation},
  author={Cho, Kyunghyun and Van Merri{\"e}nboer, Bart and Gulcehre, Caglar and Bahdanau, Dzmitry and Bougares, Fethi and Schwenk, Holger and Bengio, Yoshua},
  journal={arXiv preprint arXiv:1406.1078},
  year={2014}
}
@article{schuster1997bidirectional,
  title={Bidirectional recurrent neural networks},
  author={Schuster, Mike and Paliwal, Kuldip K},
  journal={IEEE Transactions on Signal Processing},
  volume={45},
  number={11},
  pages={2673--2681},
  year={1997},
  publisher={IEEE}
}
@inproceedings{reddy2011empirical,
  title={An empirical study on compositionality in compound nouns},
  author={Reddy, Siva and McCarthy, Diana and Manandhar, Suresh},
  booktitle={Proceedings of 5th International Joint Conference on Natural Language Processing},
  pages={210--218},
  year={2011}
}
@article{mitchell2010composition,
  title={Composition in distributional models of semantics},
  author={Mitchell, Jeff and Lapata, Mirella},
  journal={Cognitive science},
  volume={34},
  number={8},
  pages={1388--1429},
  year={2010},
  publisher={Wiley Online Library}
}
@article{baldwin2010multiword,
  title={Multiword expressions.},
  author={Baldwin, Timothy and Kim, Su Nam},
  journal={Handbook of natural language processing},
  volume={2},
  pages={267--292},
  year={2010}
}
@inproceedings{tapanainen1998idiomatic,
  title={Idiomatic object usage and support verbs},
  author={Tapanainen, Pasi and Piitulainen, Jussi and J{\"a}rvinen, Timo},
  booktitle={Proceedings of the 17th international conference on Computational linguistics-Volume 2},
  pages={1289--1293},
  year={1998},
  organization={Association for Computational Linguistics}
}
@inproceedings{katz2006automatic,
  title={Automatic identification of non-compositional multi-word expressions using latent semantic analysis},
  author={Katz, Graham and Giesbrecht, Eugenie},
  booktitle={Proceedings of the Workshop on Multiword Expressions: Identifying and Exploiting Underlying Properties},
  pages={12--19},
  year={2006},
  organization={Association for Computational Linguistics}
}
@inproceedings{mccarthy2007detecting,
  title={Detecting compositionality of verb-object combinations using selectional preferences},
  author={McCarthy, Diana and Venkatapathy, Sriram and Joshi, Aravind},
  booktitle={Proceedings of the 2007 Joint Conference on Empirical Methods in Natural Language Processing and Computational Natural Language Learning (EMNLP-CoNLL)},
  year={2007}
}
@inproceedings{salehi2014using,
  title={Using distributional similarity of multi-way translations to predict multiword expression compositionality},
  author={Salehi, Bahar and Cook, Paul and Baldwin, Timothy},
  booktitle={Proceedings of the 14th Conference of the European Chapter of the Association for Computational Linguistics},
  pages={472--481},
  year={2014}
}
@article{goldberg2017neural,
  title={Neural network methods for natural language processing},
  author={Goldberg, Yoav},
  journal={Synthesis Lectures on Human Language Technologies},
  volume={10},
  number={1},
  pages={1--309},
  year={2017},
  publisher={Morgan \& Claypool Publishers}
}
@article{mikolov2012subword,
  title={Subword language modeling with neural networks},
  author={Mikolov, Tom{\'a}{\v{s}} and Sutskever, Ilya and Deoras, Anoop and Le, Hai-Son and Kombrink, Stefan and Cernocky, Jan},
  journal={preprint (http://www. fit. vutbr. cz/imikolov/rnnlm/char. pdf)},
  year={2012}
}
@inproceedings{von2009assoziationen,
  title={Assoziationen zu Unter-, Basis-und Oberbegriffen. Eine explorative Studie},
  author={von der Heide, Claudia and Borgwaldt, Susanne},
  booktitle={Proceedings of the 9th Norddeutsches Linguistisches Kolloquium},
  pages={51--74},
  year={2009}
}
@phdthesis{bannard2006acquiring,
  title={Acquiring phrasal lexicons from corpora},
  author={Bannard, Colin James},
  year={2006},
  school={University of Edinburgh}
}
@MISC{charrnngraphic,
    author = {{Karpathy}},
    title = {The Unreasonable Effectiveness of Recurrent Neural Networks},
    year = {2015},
    note = {[Online; accessed May 02, 2018]},
    url = {http://karpathy.github.io/2015/05/21/rnn-effectiveness/}
}
@inproceedings{kim2016character,
  title={Character-Aware Neural Language Models.},
  author={Kim, Yoon and Jernite, Yacine and Sontag, David and Rush, Alexander M},
  booktitle={AAAI},
  pages={2741--2749},
  year={2016}
}
