@inproceedings{chan+:2017,
  author    = {Chan, King  and  Brooke, Julian  and  Baldwin, Timothy},
  title     = {Semi-Automated Resolution of Inconsistency for a Harmonized Multiword Expression and Dependency Parse Annotation},
  booktitle = {Proceedings of the 13th Workshop on Multiword Expressions (MWE 2017)},
  year      = {2017},
  address   = {Valencia, Spain},
  pages     = {187--193},
}

@InCollection{Baldwin:Kim:2010,
  author = 	 {Timothy Baldwin and Kim, Su Nam},
  editor = 	 {Nitin Indurkhya and Fred J. Damerau},
  title = 	 {Handbook of Natural Language Processing},
  booktitle = 	 {Handbook of Natural Language Processing},
  publisher = 	 {CRC Press},
  year = 	 2010,
  address = 	 {Boca Raton, USA},
  edition = 	 {2nd}}

@article{bengio2003neural,
  title={A neural probabilistic language model},
  author={Bengio, Yoshua and Ducharme, R{\'e}jean and Vincent, Pascal and Jauvin, Christian},
  journal={Journal of machine learning research},
  volume={3},
  number={Feb},
  pages={1137--1155},
  year={2003}
}

@inproceedings{collobert2008unified,
  title={A unified architecture for natural language processing: Deep neural networks with multitask learning},
  author={Collobert, Ronan and Weston, Jason},
  booktitle={Proceedings of the 25th international conference on Machine learning},
  pages={160--167},
  year={2008},
  organization={ACM}
}

@incollection{mikolov2013distributed,
title = {Distributed Representations of Words and Phrases and their Compositionality},
author = {Mikolov, Tomas and Sutskever, Ilya and Chen, Kai and Corrado, Greg S and Dean, Jeff},
booktitle = {Advances in Neural Information Processing Systems 26},
editor = {C. J. C. Burges and L. Bottou and M. Welling and Z. Ghahramani and K. Q. Weinberger},
pages = {3111--3119},
year = {2013},
publisher = {Curran Associates, Inc.},
}


@inproceedings{ling2015not,
  author    = {Wang Ling and
               Yulia Tsvetkov and
               Silvio Amir and
               Ramon Fermandez and
               Chris Dyer and
               Alan W. Black and
               Isabel Trancoso and
               Chu{-}Cheng Lin},
  title     = {Not All Contexts Are Created Equal: Better Word Representations with
               Variable Attention},
  booktitle = {Proceedings of the 2015 Conference on Empirical Methods in Natural
               Language Processing, {EMNLP} 2015, Lisbon, Portugal, September 17-21,
               2015},
  pages     = {1367--1372},
  year      = {2015}
}

@article{bojanowski2016enriching,
  author    = {Piotr Bojanowski and
               Edouard Grave and
               Armand Joulin and
               Tomas Mikolov},
  title     = {Enriching Word Vectors with Subword Information},
  journal   = {CoRR},
  volume    = {abs/1607.04606},
  year      = {2016}
}

@article{joulin2016bag,
author    = {Joulin, Armand  and  Grave, Edouard  and  Bojanowski, Piotr  and  Mikolov, Tomas},
  title     = {Bag of Tricks for Efficient Text Classification},
  booktitle = {Proceedings of the 15th Conference of the European Chapter of the Association for Computational Linguistics: Volume 2, Short Papers},
  year      = {2017},
  address   = {Valencia, Spain},
  pages     = {427--431},
}


@article{neelakantan2015efficient,
  author    = {Neelakantan, Arvind  and  Shankar, Jeevan  and  Passos, Alexandre  and  McCallum, Andrew},
  title     = {Efficient Non-parametric Estimation of Multiple Embeddings per Word in Vector Space},
  booktitle = {Proceedings of the 2014 Conference on Empirical Methods in Natural Language Processing (EMNLP)},
  year      = {2014},
  address   = {Doha, Qatar},
  pages     = {1059--1069},
}


@inproceedings{ling2015finding,
  author    = {Wang Ling and
               Chris Dyer and
               Alan W. Black and
               Isabel Trancoso and
               Ramon Fermandez and
               Silvio Amir and
               Lu{\'{\i}}s Marujo and
               Tiago Lu{\'{\i}}s},
  title     = {Finding Function in Form: Compositional Character Models for Open
               Vocabulary Word Representation},
  booktitle = {Proceedings of the 2015 Conference on Empirical Methods in Natural
               Language Processing, {EMNLP} 2015, Lisbon, Portugal, September 17-21,
               2015},
  pages     = {1520--1530},
  year      = {2015}
}


@article{mikolov2013exploiting,
  author    = {Tomas Mikolov and
               Quoc V. Le and
               Ilya Sutskever},
  title     = {Exploiting Similarities among Languages for Machine Translation},
  journal   = {CoRR},
  volume    = {abs/1309.4168},
  year      = {2013}
}

@inproceedings{taghipour2015semi,
  author    = {Taghipour, Kaveh  and  Ng, Hwee Tou},
  title     = {Semi-Supervised Word Sense Disambiguation Using Word Embeddings in General and Specific Domains},
  booktitle = {Proceedings of the 2015 Conference of the North American Chapter of the Association for Computational Linguistics: Human Language Technologies},
  year      = {2015},
  address   = {Denver, Colorado},
  pages     = {314--323},
}

@inproceedings{kusner2015from,
  author    = {Matt J. Kusner and
               Yu Sun and
               Nicholas I. Kolkin and
               Kilian Q. Weinberger},
  title     = {From Word Embeddings To Document Distances},
  booktitle = {Proceedings of the 32nd International Conference on Machine Learning},
  address   = {Lille, France}, 
  year      = {2015},
  pages     = {957--966},
  year      = {2015}
}

@inproceedings{qu2015big,
	author="Qu, Lizhen
	and Ferraro, Gabriela
	and Zhou, Liyuan
	and Hou, Weiwei
	and Schneider, Nathan
	and Baldwin, Timothy",
	title="Big Data Small Data, In Domain Out-of Domain, Known Word Unknown Word: The Impact of Word Representations on Sequence Labelling Tasks",
	booktitle="Proceedings of the Nineteenth Conference on Computational Natural Language Learning",
	year="2015",
	pages="83--93",
	address="Beijing, China",
}

@incollection{Kiros+:2015,
author = 	 {Ryan Kiros and Yukun Zhu and Ruslan Salakhutdinov and Richard S. Zemel and Antonio Torralba and Raquel Urtasun and Sanja Fidler},
title = {Skip-Thought Vectors},
booktitle = {Advances in Neural Information Processing Systems 28},
editor = {C. Cortes and N. D. Lawrence and D. D. Lee and M. Sugiyama and R. Garnett},
pages = {3276--3284},
year = {2015},
}

@InProceedings{Le:Mikolov:2014,
  author    = {Quoc Le and Tomas Mikolov},
  title     = {Distributed Representations of Sentences and Documents},
  booktitle = {Proceedings of the 31st International Conference on Machine Learning},
  year      = {2014},
  address   = {Beijing, China},
}

@inproceedings{cho2014on,
  author    = {Kyunghyun Cho and
               Bart van Merrienboer and
               Dzmitry Bahdanau and
               Yoshua Bengio},
  title     = {On the Properties of Neural Machine Translation: Encoder-Decoder Approaches},
  booktitle = {Proceedings of SSST@EMNLP 2014, Eighth Workshop on Syntax, Semantics
               and Structure in Statistical Translation},
  address   = {Doha, Qatar},
  pages     = {103--111},
  year      = {2014}
}

@incollection{DBLP:conf/nips/KrizhevskySH12,
title = {{ImageNet} Classification with Deep Convolutional Neural Networks},
author = {Alex Krizhevsky and Sutskever, Ilya and Hinton, Geoffrey E},
booktitle = {Advances in Neural Information Processing Systems 25},
editor = {F. Pereira and C. J. C. Burges and L. Bottou and K. Q. Weinberger},
pages = {1097--1105},
year = {2012},
publisher = {Curran Associates, Inc.},
}

@inproceedings{DBLP:conf/acl/DongWZX15,
  author    = {Li Dong and
               Furu Wei and
               Ming Zhou and
               Ke Xu},
  title     = {Question Answering over Freebase with Multi-Column Convolutional Neural
               Networks},
  booktitle = {Proceedings of the 53rd Annual Meeting of the Association for Computational
               Linguistics and the 7th International Joint Conference on Natural
               Language Processing of the Asian Federation of Natural Language Processing,
               {ACL}, Volume 1: Long Papers},
  address   = {Beijing, China},
  pages     = {260--269},
  year      = {2015}
}

@inproceedings{DBLP:conf/aaai/KimJSR16,
  author    = {Yoon Kim and
               Yacine Jernite and
               David Sontag and
               Alexander M. Rush},
  title     = {Character-Aware Neural Language Models},
  booktitle = {Proceedings of the Thirtieth {AAAI} Conference on Artificial Intelligence},
  address   = {Phoenix, Arizona, {USA}},
  pages     = {2741--2749},
  year      = {2016}
}

@inproceedings{DBLP:conf/emnlp/Kim14,
  author    = {Yoon Kim},
  title     = {Convolutional Neural Networks for Sentence Classification},
  booktitle = {Proceedings of the 2014 Conference on Empirical Methods in Natural
               Language Processing, {EMNLP},
               {A} meeting of SIGDAT, a Special Interest Group of the {ACL}},
  address   = {Doha, Qatar},
  pages     = {1746--1751},
  year      = {2014}
}

@inproceedings{DBLP:conf/emnlp/MoritaKK15,
  author    = {Hajime Morita and
               Daisuke Kawahara and
               Sadao Kurohashi},
  title     = {Morphological Analysis for Unsegmented Languages using Recurrent Neural
               Network Language Model},
  booktitle = {Proceedings of the 2015 Conference on Empirical Methods in Natural
               Language Processing, {EMNLP}},
  address   = {Lisbon, Portugal},
  pages     = {2292--2297},
  year      = {2015}
}

@article{lecun1998gradient,
  title={Gradient-based learning applied to document recognition},
  author={LeCun, Yann and Bottou, L{\'e}on and Bengio, Yoshua and Haffner, Patrick},
  journal={Proceedings of the IEEE},
  volume={86},
  number={11},
  pages={2278--2324},
  year={1998},
}

@article{hochreiter1997long,
  title={Long short-term memory},
  author={Hochreiter, Sepp and Schmidhuber, J{\"u}rgen},
  journal={Neural computation},
  volume={9},
  number={8},
  pages={1735--1780},
  year={1997},
}

@inproceedings{DBLP:conf/interspeech/MikolovKBCK10,
  author    = {Tomas Mikolov and
               Martin Karafi{\'{a}}t and
               Luk{\'{a}}s Burget and
               Jan Cernock{\'{y}} and
               Sanjeev Khudanpur},
  title     = {Recurrent neural network based language model},
  booktitle = {{INTERSPEECH} 2010, 11th Annual Conference of the International Speech
               Communication Association},
  address   = {Makuhari, Chiba, Japan},
  pages     = {1045--1048},
  year      = {2010}
}

@inproceedings{dyer2015transition,
	author="Dyer, Chris
	and Ballesteros, Miguel
	and Ling, Wang
	and Matthews, Austin
	and Smith, A. Noah",
	title="Transition-Based Dependency Parsing with Stack Long Short-Term Memory",
	booktitle="Proceedings of the 53rd Annual Meeting of the Association for Computational Linguistics and the 7th International Joint Conference on Natural Language Processing (Volume 1: Long Papers)",
	year="2015",
	pages="334--343",
	location="Beijing, China",
}

@inproceedings{bahdanau2014neural,
  title={Neural machine translation by jointly learning to align and translate},
  author={Bahdanau, Dzmitry and Cho, Kyunghyun and Bengio, Yoshua},
  booktitle={International Conference on Learning Representations (ICLR2015)},
  year={2015},
arxiv={https://arxiv.org/abs/1409.0473}
}

@inproceedings{DBLP:conf/acl/LiLJ15,
  author    = {Jiwei Li and
               Minh{-}Thang Luong and
               Dan Jurafsky},
  title     = {A Hierarchical Neural Autoencoder for Paragraphs and Documents},
  booktitle = {Proceedings of the 53rd Annual Meeting of the Association for Computational
               Linguistics and the 7th International Joint Conference on Natural
               Language Processing of the Asian Federation of Natural Language Processing,
               {ACL}, Volume 1: Long Papers},
  address   = {Beijing, China},
  pages     = {1106--1115},
  year      = {2015}
}

@incollection{sutskever2014sequence,
title = {Sequence to Sequence Learning with Neural Networks},
author = {Sutskever, Ilya and Vinyals, Oriol and Le, Quoc V},
booktitle = {Advances in Neural Information Processing Systems 27},
editor = {Z. Ghahramani and M. Welling and C. Cortes and N. D. Lawrence and K. Q. Weinberger},
pages = {3104--3112},
year = {2014},
publisher = {Curran Associates, Inc.},
}

@inproceedings{ramisch2010mwetoolkit,
  title={mwetoolkit: a Framework for Multiword Expression Identification.},
  author={Ramisch, Carlos and Villavicencio, Aline and Boitet, Christian},
  booktitle={LREC},
  volume={10},
  pages={662--669},
  year={2010}
}

@inproceedings{bannard2007measure,
	author="Bannard, Colin",
	chapter="A Measure of Syntactic Flexibility for Automatically Identifying Multiword Expressions in Corpora",
	title="Proceedings of the Workshop on A Broader Perspective on Multiword Expressions",
	year="2007",
	pages="1--8",
	location="Prague, Czech Republic",
}

@inproceedings{fazly2007distinguishing,
	author="Fazly, Afsaneh
	and Stevenson, Suzanne",
	chapter="Distinguishing Subtypes of Multiword Expressions Using Linguistically-Motivated Statistical Measures",
	title="Proceedings of the Workshop on A Broader Perspective on Multiword Expressions",
	year="2007",
	pages="9--16",
	location="Prague, Czech Republic",
}

@inproceedings{diab2009verb,
  title={Verb noun construction MWE token supervised classification},
  author={Diab, Mona T and Bhutada, Pravin},
  booktitle={Proceedings of the Workshop on Multiword Expressions: Identification, Interpretation, Disambiguation and Applications},
  pages={17--22},
  year={2009},
  organization={Association for Computational Linguistics}
}

@article{fazly2009unsupervised,
	author="Fazly, Afsaneh
	and Cook, Paul
	and Stevenson, Suzanne",
	title="Unsupervised Type and Token Identification of Idiomatic Expressions",
	year="2009",
}

@InProceedings{DBLP:conf/acl/SaltonRK16,
  author    = {Salton, Giancarlo  and  Ross, Robert  and  Kelleher, John},
  title     = {Idiom Token Classification using Sentential Distributed Semantics},
  booktitle = {Proceedings of the 54th Annual Meeting of the Association for Computational Linguistics (Volume 1: Long Papers)},
  year      = {2016},
  address   = {Berlin, Germany},
  pages     = {194--204},
}

@inproceedings{pecina2008machine,
  title={A machine learning approach to multiword expression extraction},
  author={Pecina, Pavel},
  booktitle={Proceedings of the LREC Workshop Towards a Shared Task for Multiword Expressions (MWE 2008)},
  pages={54--61},
  year={2008},
  location={Marrakech, Morocco},
}

@inproceedings{DBLP:conf/coling/LiS10,
  author    = {Li, Linlin  and  Sporleder, Caroline},
  title     = {Linguistic Cues for Distinguishing Literal and Non-Literal Usages},
  booktitle = {Coling 2010: Posters},
  year      = {2010},
  address   = {Beijing, China},
  pages     = {683--691},
}

@inproceedings{DBLP:conf/eacl/SporlederL09,
  author    = {Caroline Sporleder and
               Linlin Li},
  title     = {Unsupervised Recognition of Literal and Non-Literal Use of Idiomatic
               Expressions},
  booktitle = {{EACL} 2009, 12th Conference of the European Chapter of the Association
               for Computational Linguistics, Proceedings of the Conference},
  address   = {Athens, Greece},
  pages     = {754--762},
  year      = {2009}
}

@inproceedings{ramisch2008evaluation,
  title={An evaluation of methods for the extraction of multiword expressions},
  author={Ramisch, Carlos and Schreiner, Paulo and Idiart, Marco and Villavicencio, Aline},
  booktitle={Proceedings of the LREC Workshop-Towards a Shared Task for Multiword Expressions (MWE 2008)},
  pages={50--53},
  year={2008},
  location={Marrakech, Morocco},
}

@inproceedings{DBLP:conf/acl/LiRS10,
  author    = {Linlin Li and
               Benjamin Roth and
               Caroline Sporleder},
  title     = {Topic Models for Word Sense Disambiguation and Token-Based Idiom Detection},
  booktitle = {{ACL} 2010, Proceedings of the 48th Annual Meeting of the Association
               for Computational Linguistics},
  address   = {Uppsala, Sweden},
  pages     = {1138--1147},
  year      = {2010}
}

@inproceedings{DBLP:conf/naacl/LiS10,
  author    = {Linlin Li and
               Caroline Sporleder},
  title     = {Using Gaussian Mixture Models to Detect Figurative Language in Context},
  booktitle = {Human Language Technologies: Conference of the North American Chapter
               of the Association of Computational Linguistics, Proceedings},
  address   = {Los Angeles, California, {USA}},
  pages     = {297--300},
  year      = {2010}
}

@InProceedings{fothergill2012combining,
author="Fothergill, Richard
and Baldwin, Timothy",
title="Combining resources for MWE-token classification",
booktitle="*SEM 2012: The First Joint Conference on Lexical and Computational Semantics -- Volume 1: Proceedings of the main conference and the shared task, and Volume 2: Proceedings of the Sixth International Workshop on Semantic Evaluation (SemEval 2012)",
year="2012",
pages="100--104",
location="Montr{\`e}al, Canada",
}

@inproceedings{constant2011mwu,
	author="Constant, Matthieu
	and Sigogne, Anthony",
	booktitle="MWU-Aware Part-of-Speech Tagging with a CRF Model and Lexical Resources",
	title="Proceedings of the Workshop on Multiword Expressions: from Parsing and Generation to the Real World",
	year="2011",
	pages="49--56",
	location="Portland, Oregon, USA",
}

@article{schneider2014discriminative,
	author="Schneider, Nathan
	and Danchik, Emily
	and Dyer, Chris
	and Smith, A. Noah",
	title="Discriminative Lexical Semantic Segmentation with Gaps: Running the MWE Gamut",
	journal="Transactions of the Association for Computational Linguistics (TACL)",
	year="2014",
        volume={2},
	pages="193-206",
}

@inproceedings{schneider2014comprehensive,
	author="Schneider, Nathan
	and Onuffer, Spencer
	and Kazour, Nora
	and Danchik, Emily
	and T. Mordowanec, Michael
	and Conrad, Henrietta
	and A. Smith, Noah",
	title="Comprehensive Annotation of Multiword Expressions in a Social Web Corpus",
	booktitle="Proceedings of the Ninth International Conference on Language Resources and Evaluation (LREC-2014)",
	year="2014",
	address="Reykjavik, Iceland",
    pages = {455--461}
}

@inproceedings{collins2002discriminative,
	author="Collins, Michael",
	title="Discriminative Training Methods for Hidden Markov Models: Theory and Experiments with Perceptron Algorithms",
	booktitle="Proceedings of the 2002 Conference on Empirical Methods in Natural Language Processing (EMNLP 2002)",
	year="2002",
address={Philadelphia, USA},
pages={1--8}                  
                  
}

@inproceedings{DBLP:conf/coling/BrookeTHS14,
  author    = {Julian Brooke and
               Vivian Tsang and
               Graeme Hirst and
               Fraser Shein},
  title     = {Unsupervised Multiword Segmentation of Large Corpora using Prediction-Driven
               Decomposition of n-grams},
  booktitle = {{COLING} 2014, 25th International Conference on Computational Linguistics,
               Proceedings of the Conference: Technical Papers},
  address   = {Dublin, Ireland},
  pages     = {753--761},
  year      = {2014}
}

@inproceedings{DBLP:conf/acl/ConstantN16,
  author    = {Matthieu Constant and
               Joakim Nivre},
  title     = {A Transition-Based System for Joint Lexical and Syntactic Analysis},
  booktitle = {Proceedings of the 54th Annual Meeting of the Association for Computational
               Linguistics},
  address   = {Berlin, Germany},
  year      = {2016},
  pages     = {161--171},
}

@inproceedings{DBLP:conf/semeval/SchneiderHJC16,
  author    = {Nathan Schneider and
               Dirk Hovy and
               Anders Johannsen and
               Marine Carpuat},
  title     = {{SemEval-2016} Task 10: {D}etecting Minimal Semantic Units and their Meanings
               ({DiMSUM})},
  booktitle = {Proceedings of the 10th International Workshop on Semantic Evaluation,
               SemEval@NAACL-HLT},
  address   = {San Diego, CA, USA},
  pages     = {546--559},
  year      = {2016}
}

@inproceedings{DBLP:conf/semeval/KirilinKV16,
  author    = {Angelika Kirilin and
               Felix Krauss and
               Yannick Versley},
  title     = {{ICL-HD} at SemEval-2016 Task 10: Improving the Detection of Minimal
               Semantic Units and their Meanings with an Ontology and Word Embeddings},
  booktitle = {Proceedings of the 10th International Workshop on Semantic Evaluation,
               SemEval@NAACL-HLT},
  address   = {San Diego, CA, USA},
  pages     = {937--945},
  year      = {2016}
}

@inproceedings{DBLP:conf/semeval/HosseiniSL16,
  author    = {Mohammad Javad Hosseini and
               Noah A. Smith and
               Su{-}In Lee},
  title     = {{UW-CSE} at SemEval-2016 Task 10: Detecting Multiword Expressions
               and Supersenses using Double-Chained Conditional Random Fields},
  booktitle = {Proceedings of the 10th International Workshop on Semantic Evaluation,
               SemEval@NAACL-HLT},
  address   = {San Diego, CA, USA},
  pages     = {931--936},
  year      = {2016}
}

@inproceedings{DBLP:conf/semeval/CordeiroRV16,
  author    = {Silvio Cordeiro and
               Carlos Ramisch and
               Aline Villavicencio},
  title     = {UFRGS{\&}LIF at SemEval-2016 Task 10: Rule-Based {MWE} Identification
               and Predominant-Supersense Tagging},
  booktitle = {Proceedings of the 10th International Workshop on Semantic Evaluation,
               SemEval@NAACL-HLT},
  address   = {San Diego, CA, USA},
  pages     = {910--917},
  year      = {2016}
}

@inproceedings{DBLP:conf/semeval/ScherbakovV0B16,
  author    = {Andreas Scherbakov and
               Ekaterina Vylomova and
               Fei Liu and
               Timothy Baldwin},
  title     = {VectorWeavers at SemEval-2016 Task 10: From Incremental Meaning to
               Semantic Unit (phrase by phrase)},
  booktitle = {Proceedings of the 10th International Workshop on Semantic Evaluation,
               SemEval@NAACL-HLT},
  address   = {San Diego, CA, USA},
  pages     = {946--952},
  year      = {2016}
}

@inproceedings{DBLP:conf/semeval/BjorneS16,
  author    = {Jari Bj{\"{o}}rne and
               Tapio Salakoski},
  title     = {{UTU} at SemEval-2016 Task 10: Binary Classification for Expression
               Detection {(BCED)}},
  booktitle = {Proceedings of the 10th International Workshop on Semantic Evaluation,
               SemEval@NAACL-HLT},
  address   = {San Diego, CA, USA},
  pages     = {925--930},
  year      = {2016}
}

@inproceedings{schneider2015corpus,
	author="Schneider, Nathan
	and Smith, A. Noah",
	title="A Corpus and Model Integrating Multiword Expressions and Supersenses",
	booktitle="Proceedings of the 2015 Conference of the North American Chapter of the Association for Computational Linguistics: Human Language Technologies",
	year="2015",
	pages="1537--1547",
	address="Denver, Colorado",
}

@article{DBLP:journals/corr/SrivastavaGS15,
  author    = {Rupesh Kumar Srivastava and
               Klaus Greff and
               J{\"{u}}rgen Schmidhuber},
  title     = {Highway Networks},
  journal   = {CoRR},
  volume    = {abs/1505.00387},
  year      = {2015},
}

@article{DBLP:journals/corr/KingmaB14,
  author    = {Diederik P. Kingma and
               Jimmy Ba},
  title     = {Adam: {A} Method for Stochastic Optimization},
  journal   = {ICLR},
  year      = {2014},
}

@article{DBLP:journals/corr/abs-1212-5701,
  author    = {Matthew D. Zeiler},
  title     = {{ADADELTA:} An Adaptive Learning Rate Method},
  journal   = {CoRR},
  volume    = {abs/1212.5701},
  year      = {2012},
}

@article{DBLP:journals/nn/Qian99,
  author    = {Ning Qian},
  title     = {On the momentum term in gradient descent learning algorithms},
  journal   = {Neural Networks},
  volume    = {12},
  number    = {1},
  pages     = {145--151},
  year      = {1999},
}

@article{DBLP:journals/jmlr/DuchiHS11,
  author    = {John C. Duchi and
               Elad Hazan and
               Yoram Singer},
  title     = {Adaptive Subgradient Methods for Online Learning and Stochastic Optimization},
  journal   = {Journal of Machine Learning Research},
  volume    = {12},
  pages     = {2121--2159},
  year      = {2011},
}

@book{jackendoff1997architecture,
  title={The architecture of the language faculty},
  author={Jackendoff, Ray},
  number={28},
  year={1997},
  publisher={MIT Press}
}

@inproceedings{carpuat2010task,
	author="Carpuat, Marine
	and Diab, Mona",
	title="Task-based Evaluation of Multiword Expressions: a Pilot Study in Statistical Machine Translation",
	booktitle="Human Language Technologies: The 2010 Annual Conference of the North American Chapter of the Association for Computational Linguistics",
	year="2010",
	pages="242--245",
	address="Los Angeles, California",
}

@inproceedings{finlayson2011detecting,
	author="Finlayson, Mark
	and Kulkarni, Nidhi",
	booktitle="Detecting Multi-Word Expressions Improves Word Sense Disambiguation",
	title="Proceedings of the Workshop on Multiword Expressions: from Parsing and Generation to the Real World",
	year="2011",
	pages="20--24",
	location="Portland, Oregon, USA",
}

@article{DBLP:journals/coling/BrownPdLM92,
  author    = {Peter F. Brown and
               Vincent J. Della Pietra and
               Peter V. de Souza and
               Jennifer C. Lai and
               Robert L. Mercer},
  title     = {Class-Based n-gram Models of Natural Language},
  journal   = {Computational Linguistics},
  volume    = {18},
  number    = {4},
  pages     = {467--479},
  year      = {1992},
}

@article{DBLP:journals/jmlr/SrivastavaHKSS14,
  author    = {Nitish Srivastava and
               Geoffrey E. Hinton and
               Alex Krizhevsky and
               Ilya Sutskever and
               Ruslan Salakhutdinov},
  title     = {Dropout: a simple way to prevent neural networks from overfitting},
  journal   = {Journal of Machine Learning Research},
  volume    = {15},
  number    = {1},
  pages     = {1929--1958},
  year      = {2014},
}

@inproceedings{DBLP:journals/corr/SaxeMG13,
  author    = {Andrew M. Saxe and
               James L. McClelland and
               Surya Ganguli},
  title     = {Exact solutions to the nonlinear dynamics of learning in deep linear
               neural networks},
  booktitle={International Conference on Learning Representations (ICLR2014)},
  year      = {2014},
}

@article{DBLP:journals/jmlr/BergstraB12,
  author    = {James Bergstra and
               Yoshua Bengio},
  title     = {Random Search for Hyper-Parameter Optimization},
  journal   = {Journal of Machine Learning Research},
  volume    = {13},
  pages     = {281--305},
  year      = {2012},
}

@inproceedings{DBLP:conf/starsem/JohannsenHAPS14,
  author    = {Johannsen, Anders  and  Hovy, Dirk  and  Mart\'{i}nez Alonso, H\'{e}ctor  and  Plank, Barbara  and  S{\o}gaard, Anders},
  title     = {More or less supervised supersense tagging of Twitter},
  booktitle = {Proceedings of the Third Joint Conference on Lexical and Computational Semantics (*SEM 2014)},
  year      = {2014},
  address   = {Dublin, Ireland},
  pages     = {1--11},
}

@inproceedings{DBLP:conf/emnlp/RitterCME11,
  author    = {Alan Ritter and
               Sam Clark and
               Mausam and
               Oren Etzioni},
  title     = {Named Entity Recognition in Tweets: An Experimental Study},
  booktitle = {Proceedings of the 2011 Conference on Empirical Methods in Natural
               Language Processing, {A} meeting of SIGDAT, a Special
               Interest Group of the {ACL}},
  address   = {Edinburgh, UK},
  pages     = {1524--1534},
  year      = {2011},
}

@inproceedings{DBLP:conf/www/HovyJS15,
  author    = {Dirk Hovy and
               Anders Johannsen and
               Anders S{\o}gaard},
  title     = {User Review Sites as a Resource for Large-Scale Sociolinguistic Studies},
  booktitle = {Proceedings of the 24th International Conference on World Wide Web},
  address   = {Florence, Italy},
  pages     = {452--461},
  year      = {2015},
}

@inproceedings{DBLP:conf/emnlp/KongSSBDS14,
  author    = {Lingpeng Kong and
               Nathan Schneider and
               Swabha Swayamdipta and
               Archna Bhatia and
               Chris Dyer and
               Noah A. Smith},
  title     = {A Dependency Parser for Tweets},
  booktitle = {Proceedings of the 2014 Conference on Empirical Methods in Natural
               Language Processing,
               {A} meeting of SIGDAT, a Special Interest Group of the {ACL}},
  address   = {Doha, Qatar},
  pages     = {1001--1012},
  year      = {2014},
}

@inproceedings{cettolo2012web,
  title={Web Inventory of Transcribed and Translated Talks},
  author={Mauro Cettolo and Christian Girardi and Marcello Federico},
  booktitle={Proceedings of the 16th Annual Conference of the European Association for Machine Translation (EAMT 2012)},
  pages={261--268},
  year={2012},
  address={Trento, Italy},
}

@inproceedings{neubig2014the,
    title = {The {NAIST}-{NTT} {TED} Talk Treebank},
    author = {Graham Neubig and Katsuhito Sudoh and Yusuke Oda and Kevin Duh and Hajime Tsukada and Masaaki Nagata},
    booktitle = {International Workshop on Spoken Language Translation (IWSLT)},
    address = {Lake Tahoe, USA},
    year = {2014}
}

@inproceedings{kiela2013detecting,
	author="Kiela, Douwe
	and Clark, Stephen",
	title="Detecting Compositionality of Multi-Word Expressions using Nearest Neighbours in Vector Space Models",
	booktitle="Proceedings of the 2013 Conference on Empirical Methods in Natural Language Processing",
	year="2013",
	pages="1427--1432",
	location="Seattle, Washington, USA",
}

@inproceedings{DBLP:conf/mwe/KrcmarJP13,
  author    = {Lubom{\'{\i}}r Krcm{\'{a}}r and
               Karel Jezek and
               Pavel Pecina},
  title     = {Determining Compositionality of Word Expressions Using Word Space
               Models},
  booktitle = {Proceedings of the 9th Workshop on Multiword Expressions, MWE@NAACL-HLT},
  address   = {Atlanta, Georgia, {USA}},
  pages     = {42--50},
  year      = {2013},
}

@inproceedings{katz2006automatic,
  title={Automatic identification of non-compositional multi-word expressions using latent semantic analysis},
  author={Katz, Graham and Giesbrecht, Eugenie},
  booktitle={Proceedings of the Workshop on Multiword Expressions: Identifying and Exploiting Underlying Properties},
  pages={12--19},
  year={2006},
  organization={Association for Computational Linguistics}
}

@inproceedings{DBLP:conf/semeval/KingGPC16,
  author    = {Milton King and
               Waseem Gharbieh and
               SoHyun Park and
               Paul Cook},
  title     = {{UNBNLP} at SemEval-2016 Task 1: Semantic Textual Similarity: {A}
               Unified Framework for Semantic Processing and Evaluation},
  booktitle = {Proceedings of the 10th International Workshop on Semantic Evaluation,
               SemEval@NAACL-HLT},
  address   = {San Diego, CA, USA},
  pages     = {732--735},
  year      = {2016}
}

@inproceedings{sag2002multiword,
author = {Ivan A. Sag and Timothy Baldwin and Francis Bond and Ann Copestake and Dan Flickinger},
title = {Multiword Expressions: A Pain in the Neck for {NLP}},
booktitle = {Proceedings of the Third International Conference on Intelligent Text Processing and Computational Linguistics (CICLING 2002)},
pages = {1--15},
year = {2002},
}

@inproceedings{newman2012bayesian,
  author    = {Newman, David  and  Koilada, Nagendra  and  Lau, Jey Han  and  Baldwin, Timothy},
  title     = {{B}ayesian Text Segmentation for Index Term Identification and Keyphrase Extraction},
  booktitle = {Proceedings of COLING 2012},
  year      = {2012},
  address   = {Mumbai, India},
  pages     = {2077--2092},
	}

@inproceedings{berend2011opinion,
	author="Berend, G{\'a}bor",
	title="Opinion Expression Mining by Exploiting Keyphrase Extraction",
	booktitle="Proceedings of 5th International Joint Conference on Natural Language Processing",
	year="2011",
	pages="1162--1170",
	address="Chiang Mai, Thailand",
	}

@misc{tensorflow2015-whitepaper,
title={ {TensorFlow}: Large-Scale Machine Learning on Heterogeneous Systems},
url={http://tensorflow.org/},
note={Software available from tensorflow.org},
author={
    Mart\'{\i}n~Abadi et al.},
  year={2015},
}

@article{scikit-learn,
 title={Scikit-learn: Machine Learning in {P}ython},
 author={Pedregosa, F. and Varoquaux, G. and Gramfort, A. and Michel, V.
         and Thirion, B. and Grisel, O. and Blondel, M. and Prettenhofer, P.
         and Weiss, R. and Dubourg, V. and Vanderplas, J. and Passos, A. and
         Cournapeau, D. and Brucher, M. and Perrot, M. and Duchesnay, E.},
 journal={Journal of Machine Learning Research},
 volume={12},
 pages={2825--2830},
 year={2011}
}

@inproceedings{DBLP:conf/emnlp/ChoMGBBSB14,
  author    = {Kyunghyun Cho and
               Bart van Merrienboer and
               {\c{C}}aglar G{\"{u}}l{\c{c}}ehre and
               Dzmitry Bahdanau and
               Fethi Bougares and
               Holger Schwenk and
               Yoshua Bengio},
  title     = {Learning Phrase Representations using {RNN} Encoder-Decoder for Statistical
               Machine Translation},
  booktitle = {Proceedings of the 2014 Conference on Empirical Methods in Natural
               Language Processing,
               {A} meeting of SIGDAT, a Special Interest Group of the {ACL}},
  address   = {Doha, Qatar},
  pages     = {1724--1734},
  year      = {2014},

}

@inproceedings{rehurek_lrec,
      title = {{Software Framework for Topic Modelling with Large Corpora}},
      author = {Radim {\v R}eh{\r u}{\v r}ek and Petr Sojka},
      booktitle = {{Proceedings of the LREC 2010 Workshop on New
           Challenges for NLP Frameworks}},
      pages = {45--50},
      year = 2010,
      address = {Valletta, Malta},
}

@inproceedings{DBLP:conf/www/SuchanekKW07,
  author    = {Fabian M. Suchanek and
               Gjergji Kasneci and
               Gerhard Weikum},
  title     = {Yago: a core of semantic knowledge},
  booktitle = {Proceedings of the 16th International Conference on World Wide Web},
  address   = {Banff, Alberta, Canada},
  pages     = {697--706},
  year      = {2007},
}

@inproceedings{DBLP:conf/naacl/LampleBSKD16,
  author    = {Guillaume Lample and
               Miguel Ballesteros and
               Sandeep Subramanian and
               Kazuya Kawakami and
               Chris Dyer},
  title     = {Neural Architectures for Named Entity Recognition},
  booktitle = {{NAACL} {HLT} 2016, The 2016 Conference of the North American Chapter
               of the Association for Computational Linguistics: Human Language Technologies},
  address   = {San Diego, California, USA},
  pages     = {260--270},
  year      = {2016},
}
----------------------------------------------------------------------------------------------------
----------------------------------------------------------------------------------------------------
----------------------------------------------------------------------------------------------------
----------------------------------------------------------------------------------------------------
----------------------------------------------------------------------------------------------------
----------------------------------------------------------------------------------------------------

@InProceedings{HORBACH16.229,
  author = {Andrea Horbach and Andrea Hensler and Sabine Krome and Jakob Prange and Werner Scholze-Stubenrecht and Diana Steffen and Stefan Thater and Christian Wellner and Manfred Pinkal},
  title = {A Corpus of Literal and Idiomatic Uses of German Infinitive-Verb Compounds},
  booktitle = {Proceedings of the Tenth International Conference on Language Resources and Evaluation (LREC 2016)},
  year = {2016},
  location = {Portorož, Slovenia},
  editor = {Nicoletta Calzolari (Conference Chair) and Khalid Choukri and Thierry Declerck and Marko Grobelnik and Bente Maegaard and Joseph Mariani and Asuncion Moreno and Jan Odijk and Stelios Piperidis},
  address = {Paris, France},
 }
 
 @inproceedings{fritzinger2010survey,
	author="Fritzinger, Fabienne
	and Weller, Marion
	and Heid, Ulrich",
	title="A Survey of Idiomatic Preposition-Noun-Verb Triples on Token Level",
	booktitle="Proceedings of the Seventh conference on International Language Resources and Evaluation (LREC'10)",
	year="2010",
	location="Valletta, Malta",
}

@inproceedings{li2015hierarchical,
	author="Li, Jiwei
	and Luong, Thang
	and Jurafsky, Dan",
	title="A Hierarchical Neural Autoencoder for Paragraphs and Documents",
	booktitle="Proceedings of the 53rd Annual Meeting of the Association for Computational Linguistics and the 7th International Joint Conference on Natural Language Processing (Volume 1: Long Papers)",
	year="2015",
	pages="1106--1115",
	location="Beijing, China",
}

@Inbook{katz2006automatic,
	author="Katz, Graham
	and Giesbrecht, Eugenie",
	chapter="Automatic Identification of Non-Compositional Multi-Word Expressions using Latent Semantic Analysis",
	title="Proceedings of the Workshop on Multiword Expressions: Identifying and Exploiting Underlying Properties",
	year="2006",
	pages="12--19",
	location="Sydney, Australia",
}

@Inbook{tu2011learning,
	author="Tu, Yuancheng
	and Roth, Dan",
	chapter="Learning English Light Verb Constructions: Contextual or Statistical",
	title="Proceedings of the Workshop on Multiword Expressions: from Parsing and Generation to the Real World",
	year="2011",
	pages="31--39",
	location="Portland, Oregon, USA",
}

@inproceedings{constant2012discriminative,
	author="Constant, Matthieu
	and Sigogne, Anthony
	and Watrin, Patrick",
	title="Discriminative Strategies to Integrate Multiword Expression Recognition and Parsing",
	booktitle="Proceedings of the 50th Annual Meeting of the Association for Computational Linguistics (Volume 1: Long Papers)",
	year="2012",
	pages="204--212",
	location="Jeju Island, Korea",
}

@inproceedings{green2011multiword,
	author="Green, Spence
	and Marneffe, Marie-Catherine
	and Bauer, John
	and Manning, D. Christopher",
	title="Multiword Expression Identification with Tree Substitution Grammars: A Parsing tour de force with French",
	booktitle="Proceedings of the 2011 Conference on Empirical Methods in Natural Language Processing",
	year="2011",
	pages="725--735",
	location="Edinburgh, Scotland, UK.",
}

@inproceedings{rondon2015never,
	author="Rondon, Alexandre
	and Caseli, Helena
	and Ramisch, Carlos",
	booktitle="Never-Ending Multiword Expressions Learning",
	title="Proceedings of the 11th Workshop on Multiword Expressions",
	year="2015",
	pages="45--53",
	location="Denver, Colorado",
}

@inproceedings{ghoneim2013multiword,
	author="Ghoneim, Mahmoud
	and Diab, Mona",
	title="Multiword Expressions in the Context of Statistical Machine Translation",
	booktitle="Proceedings of the Sixth International Joint Conference on Natural Language Processing",
	year="2013",
	pages="1181--1187",
	location="Nagoya, Japan",
}

@inproceedings{acosta2011identification,
	author="Acosta, Otavio
	and Villavicencio, Aline
	and Moreira, Viviane",
	booktitle="Identification and Treatment of Multiword Expressions Applied to Information Retrieval",
	title="Proceedings of the Workshop on Multiword Expressions: from Parsing and Generation to the Real World",
	year="2011",
	pages="101--109",
	location="Portland, Oregon, USA",
}


@inproceedings{klapaftis2008word,
  title={Word Sense Induction Using Graphs of Collocations.},
  author={Klapaftis, Ioannis P and Manandhar, Suresh},
  booktitle={European Conference on Artificial Intelligence},
  pages={298--302},
  year={2008},
  location={Patras, Greece}
}

@inproceedings{salehi2015word,
	author="Salehi, Bahar
	and Cook, Paul
	and Baldwin, Timothy",
	title="A Word Embedding Approach to Predicting the Compositionality of Multiword Expressions",
	booktitle="Proceedings of the 2015 Conference of the North American Chapter of the Association for Computational Linguistics: Human Language Technologies",
	year="2015",
	pages="977--983",
	location="Denver, Colorado",
}

@inproceedings{cook2007pulling,
	author="Cook, Paul
	and Fazly, Afsaneh
	and Stevenson, Suzanne",
	booktitle="Pulling their Weight: Exploiting Syntactic Forms for the Automatic Identification of Idiomatic Expressions in Context",
	title="Proceedings of the Workshop on A Broader Perspective on Multiword Expressions",
	year="2007",
	pages="41--48",
	location="Prague, Czech Republic",
}

@inproceedings{martens2010efficient,
	author="Martens, Scott
	and Vandeghinste, Vincent",
	booktitle="An Efficient, Generic Approach to Extracting Multi-Word Expressions from Dependency Trees",
	title="Proceedings of the 2010 Workshop on Multiword Expressions: from Theory to Applications",
	year="2010",
	pages="85--88",
	location="Beijing, China",
}
